% This file was created with JabRef 2.6.
% Encoding: UTF-8



@BOOK{Beispielbuch,
  title = {Information Retrieval -- Computational and Theoretical Aspects},
  publisher = {Academic Press},
  year = {1978},
  author = {Heaps, Harold Stanley},
  added-at = {2006-03-07T21:19:39.000+0100},
  biburl = {http://www.bibsonomy.org/bibtex/25ac83c90fe5d73e64483b6a8063c3cbf/pirot},
  interhash = {6e5783f894c35f43fa5debbd32f9fa35},
  intrahash = {5ac83c90fe5d73e64483b6a8063c3cbf},
  isbn = {0-12-335750},
  keywords = {imported},
  timestamp = {2006-03-07T21:19:39.000+0100}
}



